%1
@book{Preece15,
	title= {Interaction Design: Beyond Human-Computer Interaction},
	author={J. Preece and H. Sharp and Y. Rogers},
	year={2015},
	publisher={John Wiley \& Sons},
	edition={4},
}

%2
@INPROCEEDINGS{Machado10,
	author    = {L. S. Machado},
	title     = {Dispositivos Não-Convencionais para Interação e Imersão em Realidade Virtual e Aumentada},
	booktitle = {XII Simpósio em Realidade Virtual e Aumentada},
	series    = {SVR 2010},
	year      = {2010},
	location  = {Natal, Brazil},
	pages     = {2:23--2:33},
	numpages  = {11},
	url       = {http://www.de.ufpb.br/~labteve/publi/2010_svrps.pdf},
	publisher = {SBC},
	address   = {Porto Alegre, RS, BR},
}

%3
@article{cat09,
	title = {Tecnologia Assistiva: Comit\^e de Ajudas T\'ecnicas},
	author = {Brasil},
	pages = {138p},
	year = {2009},
	address = {Bras\'{i}lia, Brasil},
	publisher = {Subsecretaria Nacional de Promo\c{c}\~{a}o dos Direitos da Pessoa com Defici\^{e}ncia, CORDE.}
}

%4
@book{WHO15,
	author    = {World Health Organization},
	title     = {WHO Global Disability Action Plan 2014--2011: Better Health For All People With Disability},
	address   = {Geneva, Switzerland},
	note      = {\url{http://www.who.int/disabilities/actionplan/en/}. Acesso em: 18 mar. 2018},
	year      = {2015}
}

%5
@online{tIBGE,
	author = {Instituto Brasileiro de Geografia e Estat\'{i}stica},
	title = {Censo Demogr\'{a}fico},
	howpublished = {\url{www.ibge.gov.br/home/estatistica/populacao/censo2010/}},
	note = {Acesso em: 7 fev. 2018},
	year = {2010}
}

%6
@online{tecla,
    author = {Tecla},
    title = {Introduction to 7 Common Adaptive Switches},
    year = 2018,
    howpublished = {\url{https://gettecla.com/blogs/news/introduction-to-assistive-switches}},
    note = {Acesso em: 12 jul. 2018}
}

%7
@online{CandyCorn,
	author          = {AbleNet},
	Title           = {Candy Corn Proximity Sensor Switch},
	howpublished    = {\url{https://www.ablenetinc.com/technology/switches/big-candy-corn-proximity-sensor-switch#Specifications}},
	note            = {Acesso em: 30 mar. 2018},
	year            = {2018}
}

%8
@online{PalPad,
	author          = {eSpecialNeed},
	Title           = {Pal Pad},
	howpublished    = {\url{https://www.especialneeds.com/shop/assistive-technology/switches/pal-pad-assistive-switches.html}},
	note            = {Acesso em: 30 mar. 2018},
	year            = {2018}
}

%9
@online{JellyBean,
	author          = {eSpecialNeed},
	Title           = {Jelly Bean Twist},
	howpublished    = {\url{https://www.especialneeds.com/shop/assistive-technology/switches/jelly-bean-twist.html}},
	note            = {Acesso em: 30 mar. 2018},
	year            = {2018}
}

%10
@online{Chin,
	author          = {Augmentative Communication Consultants Inc.},
	Title           = {Chin Switch},
	howpublished    = {\url{http://www.acciinc.com/chin-switch/}},
	note            = {Acesso em: 30 mar. 2018},
	year            = {2018}
}

%11
@onlie{MicroLight,
	author          = {AbleNet},
	Title           = {Micro Light Switch},
	howpublished    = {\url{https://www.ablenetinc.com/technology/switches/micro-light-switch}},
	note            = {Acesso em: 30 mar. 2018},
	year            = {2018}
}

%12
@misc{HoneyBee,
	author          = {Adaptive Tech Solutions},
	Title           = {HoneyBee Proximity Switch},
	howpublished    = {\url{https://www.adaptivetechsolutions.com/honeybee-proximity-switch/}},
	note            = {Acesso em: 31 mar. 2018},
	year            = {2018}
}

%13
@online{StringSwitch,
	author          = {eSpecialNeed},
	Title           = {AbleNet String Switch},
	howpublished    = {\url{https://www.especialneeds.com/shop/assistive-technology/switches/ablenet-string-switch.html}},
	note            = {Acesso em: 01 abr. 2018},
	year            = {2018}
}

%14
@online{ATswitchYT,
	Title           = {Switched adaptive doll ready for switch activation. Says multiple phrases e sings.},
	date            = {2015},
	organization    = {YouTube},
	author          = {AAC Speech Therapy Geek},
	howpublished    = {\url{https://www.youtube.com/watch?v=jhfJIoaef38}},
	note            = {Acesso em: 01 abr. 2018}
}

%15
@online{MouseJack,
	author          = {My Young Ones},
	Title           = {How to make a switch adapted computer mouse},
	howpublished    = {\url{http://www.myyoungones.info/index.php/2014-05-20-03-38-42/making-a-switch-adapted-mouse}},
	note            = {Acesso em: 01 abr. 2018}
}

%16
@online{Blue2,
	author          = {AbleNet},
	Title           = {Blue2 Bluetooth Switch},
	howpublished    = {\url{https://www.ablenetinc.com/technology/switches/blue2-bluetooth-switch#Specifications}},
	note            = {Acesso em: 1 abr. 2018},
	year            = {2018}
}

%17
@online{SavantElite2,
	author          = {EnableMart: School Health Corporation},
	Title           = {Savant Elite2 Programmable USB Foot Switches},
	howpublished    = {\url{https://www.enablemart.com/savant-elite2-programmable-usb-foot-switches}},
	note            = {Acesso em: 1 abr. 2018},
	year            = {2018}
}

%18
@online{FootPedal,
	author          = {EnableMart: School Health Corporation},
	Title           = {X-keys XK-3 Foot Pedal},
	howpublished    = {\url{https://www.enablemart.com/x-keys-xk-3-foot-pedal}},
	note            = {Acesso em: 1 abr. 2018},
	year            = {2018}
}

%19
@online{FootSwitch,
	author          = {Adaptive Tech Solutions},
	Title           = {Single Foot Switch Computer Interface},
	howpublished    = {\url{https://www.adaptivetechsolutions.com/pd-single-foot-switch-computer-interface.cfm}},
	note            = {Acesso em: 01 abr. 2018},
	year            = {2018}
}

%20
@online{SipPuff,
	author          = {EnableMart: School Health Corporation},
	Title           = {Sip/Puff Breeze with Headset},
	howpublished    = {\url{https://www.enablemart.com/sip-puff-breeze-with-headset}},
	note            = {Acesso em: 01 abr. 2018},
	year            = {2018}
}

%21
@online{videoStringSwitch,
    author = {ThatGuyBud},
    title = {Budget Adaptive ep.5 - Technology Teardown: Ablenet String Switch},
    year = 2018,
    howpublished = {\url{https://www.youtube.com/watch?v=ZBKgBdqWEX4}},
    note = {Acesso em: 01 abr. 2018}
}

%22
@inproceedings{Aanand18,
 author = {Nayyar, Aanand and Dwivedi, Utkarsh and Ahuja, Karan and Rajput, Nitendra and Nagar, Seema and Dey, Kuntal},
 title = {OptiDwell: Intelligent Adjustment of Dwell Click Time},
 booktitle = {Proceedings of the 22Nd International Conference on Intelligent User Interfaces}, series = {IUI '17},
 year = {2017},
 isbn = {978-1-4503-4348-0},
 location = {Limassol, Cyprus},
 pages = {193--204},
 numpages = {12},
 url = {http://doi.acm.org/10.1145/3025171.3025202},
 doi = {10.1145/3025171.3025202},
 acmid = {3025202},
 publisher = {ACM},
 address = {New York, NY, USA},
 keywords = {adaptive dwell time, dwell click, gaze tracking, midas touch},
}
