%% Created by Gabriel Peixoto de Carvalho

@article{Darrel96,
	title   = {Active Gesture Recognition using Learned Visual Attention.},
	author  = {Darrell, T. and Pentland, A.},
	journal = {Advances in Neural Information Processing Systems},
	pages   = {858--864},
	year    = {1996},
	publisher = {MORGAN KAUFMANN PUBLISHERS}
}




@book {Taylor09,
Author = {Paul Taylor},
Title = {Text-To-Speech Synthesis},
Publisher = {Cambridge University Press},
Year = {2009} }

@book {Huang01,
Author = {X. Huang and A. Acero and H. Hon},
Title = {Spoken Language Processing},
Publisher = {Prentice-Hall},
Year = {2001} }


@article{cat09,
	title = {Tecnologia Assistiva: Comit\^e de Ajudas T\'ecnicas},
	author = {Brasil},
	pages = {138p},
	year = {2009},
	address = {Bras\'{i}lia, Brasil},
	publisher = {Subsecretaria Nacional de Promo\c{c}\~{a}o dos Direitos da Pessoa com Defici\^{e}ncia, CORDE.}
}

@book{WHO15,
	author    = {World Health Organization},
	title     = {WHO Global Disability Action Plan 2014--2011: Better Health For All People With Disability},
	address   = {Geneva, Switzerland},
	note      = {\url{http://www.who.int/disabilities/actionplan/en/}. Acessado em 18/03/2018},
	year      = {2015}
}

@misc{tIBGE,
	author = {IBGE},
	howpublished = {Instituto Brasileiro de Geografia e Estat\'{i}stica},
	note = {\url{www.ibge.gov.br/home/estatistica/populacao/censo2010/}},
	urlaccesdate = {7 junho 2017},
	title = {Censo Demogr\'{a}fico},
	year = {2010}
}


@misc{CandyCorn,
	author          = {AbleNet},
	Title           = {Candy Corn Proximity Sensor Switch},
	howpublished    = {\url{https://www.ablenetinc.com/technology/switches/big-candy-corn-proximity-sensor-switch#Specifications}},
	note            = {Acessado em 30 mar√ßo 2018},
	year            = {2018}
}

@misc{Blue2,
	author          = {AbleNet},
	Title           = {Blue2 Bluetooth Switch},
	howpublished    = {\url{https://www.ablenetinc.com/technology/switches/blue2-bluetooth-switch#Specifications}},
	note            = {Acessado em 30/03/2018},
	year            = {2018}
}

@misc{PalPad,
	author          = {eSpecialNeed},
	Title           = {Pal Pad Assistive Switches},
	howpublished    = {\url{https://www.especialneeds.com/shop/assistive-technology/switches/pal-pad-assistive-switches.html}},
	note            = {Acessado em 30/03/2018},
	year            = {2018}
}

@misc{JellyBean,
	author          = {eSpecialNeed},
	Title           = {Jelly Bean Twist},
	howpublished    = {\url{https://www.especialneeds.com/shop/assistive-technology/switches/jelly-bean-twist.html}},
	note            = {Acessado em 30/03/2018},
	year            = {2018}
}

@misc{Chin,
	author          = {Augmentative Communication Consultants Inc.},
	Title           = {Chin Switch},
	howpublished    = {\url{http://www.acciinc.com/chin-switch/}},
	note            = {Acessado em 30/03/2018},
	year            = {2018}
}

@misc{MicroLight,
	author          = {AbleNet},
	Title           = {Micro Light Switch},
	howpublished    = {\url{https://www.ablenetinc.com/technology/switches/micro-light-switch}},
	note            = {Acessado em 30/03/2018},
	year            = {2018}
}

@misc{HoneyBee,
	author          = {Adaptive Tech Solutions},
	Title           = {HoneyBee Proximity Switch},
	howpublished    = {\url{https://www.adaptivetechsolutions.com/honeybee-proximity-switch/}},
	note            = {Acessado em 31/03/2018},
	year            = {2018}
}

@misc{SavantElite2,
	author          = {EnableMart: School Health Corporation},
	Title           = {Savant Elite2 Programmable USB Foot Switches},
	howpublished    = {\url{https://www.enablemart.com/savant-elite2-programmable-usb-foot-switches}},
	note            = {Acessado em 31/03/2018},
	year            = {2018}
}

@misc{FootPedal,
	author          = {EnableMart: School Health Corporation},
	Title           = {X-keys XK-3 Foot Pedal},
	howpublished    = {\url{https://www.enablemart.com/x-keys-xk-3-foot-pedal}},
	note            = {Acessado em 31/03/2018},
	year            = {2018}
}

@online{FootSwitch,
	author          = {Adaptive Tech Solutions},
	Title           = {Single Foot Switch Computer Interface},
	howpublished    = {\url{https://www.adaptivetechsolutions.com/pd-single-foot-switch-computer-interface.cfm}},
	note            = {Acessado em 01/04/2018},
	year            = {2018}
}

@misc{StringSwitch,
	author          = {eSpecialNeed},
	Title           = {AbleNet String Switch},
	howpublished    = {\url{https://www.especialneeds.com/shop/assistive-technology/switches/ablenet-string-switch.html}},
	note            = {Acessado em 01/04/2018},
	year            = {2018}
}

@misc{SipPuff,
	author          = {EnableMart: School Health Corporation},
	Title           = {Sip/Puff Breeze with Headset},
	howpublished    = {\url{https://www.enablemart.com/sip-puff-breeze-with-headset}},
	note            = {Acessado em 01/04/2018},
	year            = {2018}
}

@online{ATswitchYT,
	Title           = {Switched adaptive doll ready for switch activation. Says multiple phrases e sings.},
	date            = {2015},
	organization    = {YouTube},
	author          = {AAC Speech Therapy Geek},
	howpublished    = {\url{https://www.youtube.com/watch?v=jhfJIoaef38}},
	note            = {Acessado em 01/30/2018}
}


@misc{MouseJack,
	author          = {My Young Ones},
	Title           = {How to make a switch adapted computer mouse},
	howpublished    = {\url{http://www.myyoungones.info/index.php/2014-05-20-03-38-42/making-a-switch-adapted-mouse}},
	note            = {Acessado em 01/04/2018}
}

